
@ARTICLE{Thesis, 
	author={JordiBonada Sanjaume}, 
 	title={Audio Time-Scale Modification in the Context of Professional Audio Post-production}, 
	year={2002}, , 
 	pages={3,4,9}, . 
}
 
@ARTICLE{surina, 
	author={Olli Parviainen}, 
 	title={Time and pitch scaling in audio processing}, 
 	journal={Software Developer's Journal }, 
	month={April}. 
 	%url = {http://www.surina.net/article/time-and-pitch-scaling.html}
}
\end